Account Name       :                	Mr. MAYURESH SURESH DEOKAR
Address            :	SR NO 286,FLAT NO 102
                                    	LAXMI EMERALD SOCIETY LANE NO 13
                                    	LOHEGAON ,PUNE-411047
                                    	Pune
Date               :                	1 Sep 2023
Account Number     :	_00000030859903490
Account Description:	REGULAR SB CHQ-INDIVIDUALS
Branch             :	SBI DHANORI
Drawing Power      :	0.00
Interest Rate(% p.a.):	2.7
MOD Balance      :	0.00
CIF No.          :	_85597237607
IFS (Indian Financial System) Code         :	SBIN0061474
MICR (Magnetic Ink Character Recognition)  Code        :	_411002127
Nomination Registered    :	Yes 
Balance on 1 Oct 2022        :	50,017.44
Start Date          :	1 Oct 2022
End Date            :	31 Dec 2022
Txn Date	Value Date	Description	Ref No./Cheque No.	        Debit	Credit	Balance	
1 Oct 2022	1 Oct 2022	   TO TRANSFER-UPI/DR/227450270279/BHATUKAL/UTIB/mayureshde/UPI--	TRANSFER TO 4694381162097	1,000.00	 	49,017.44
1 Oct 2022	1 Oct 2022	   TO TRANSFER-UPI/DR/227462391333/MAULI DO/BARB/ravindrani/UPI--	TRANSFER TO 5098031162093	660.00	 	48,357.44
1 Oct 2022	1 Oct 2022	   TO TRANSFER-UPI/DR/227440843019/OCL ABFL/PYTM/paytm-7265/Oid19--	TRANSFER TO 5097970162092	589.79	 	47,767.65
1 Oct 2022	1 Oct 2022	   TO TRANSFER-UPI/DR/227494754828/Add Mone/PYTM/add-money@/Oid19--	TRANSFER TO 4696273162096	2,000.00	 	45,767.65
1 Oct 2022	1 Oct 2022	   TO TRANSFER-UPI/DR/227470156204/billdesk/ICIC/billdesk.h/UPI--	TRANSFER TO 5098005162094	2,473.00	 	43,294.65
2 Oct 2022	2 Oct 2022	   TO TRANSFER-UPI/DR/227584127317/Uttrares/UTIB/gpay-11186/UPI--	TRANSFER TO 4697013162097	280.00	 	43,014.65
2 Oct 2022	2 Oct 2022	   TO TRANSFER-UPI/DR/227575424261/VAISHALI/UBIN/kadbhane22/UPI--	TRANSFER TO 4694440162090	15,000.00	 	28,014.65
2 Oct 2022	2 Oct 2022	   TO TRANSFER-UPI/DR/227599113975/Studio S/UTIB/gpay-11193/hair--	TRANSFER TO 4696369162099	270.00	 	27,744.65
3 Oct 2022	3 Oct 2022	   TO TRANSFER-UPI/DR/227683367301/AMAZONPA/UTIB/amazonupi@/Reque--	TRANSFER TO 4695788162098	430.00	 	27,314.65
3 Oct 2022	3 Oct 2022	   TO TRANSFER-UPI/DR/227621803014/ASAD AMI/BKID/9511803796/NA--	TRANSFER TO 5097572162095	20.00	 	27,294.65
3 Oct 2022	3 Oct 2022	   TO TRANSFER-UPI/DR/227611137368/Uttrares/UTIB/gpay-11186/UPI--	TRANSFER TO 4898728162099	60.00	 	27,234.65
3 Oct 2022	3 Oct 2022	   TO TRANSFER-UPI/DR/227615164030/PUNCHOOR/YESB/q873288473/UPI--	TRANSFER TO 4692423162097	278.00	 	26,956.65
3 Oct 2022	3 Oct 2022	   TO TRANSFER-UPI/DR/227615704570/NUTAN/FDRL/bharatpe.9/Pay to B--	TRANSFER TO 4696785162094	850.00	 	26,106.65
3 Oct 2022	3 Oct 2022	   TO TRANSFER-UPI/DR/227615855668/SANTOSH /YESB/q180246741/UPI--	TRANSFER TO 5097526162090	640.00	 	25,466.65
3 Oct 2022	3 Oct 2022	   TO TRANSFER-UPI/DR/227618040727/ZK Toys/UTIB/gpay-11167/UPI--	TRANSFER TO 4692438162090	1,800.00	 	23,666.65
3 Oct 2022	3 Oct 2022	   TO TRANSFER-UPI/DR/227698520052/Digital /PYTM/firstcry1@/First--	TRANSFER TO 5097528162098	2,459.04	 	21,207.61
3 Oct 2022	3 Oct 2022	   TO TRANSFER-UPI/DR/227652458361/AMAZONPA/UTIB/amazonupi@/Reque--	TRANSFER TO 4696796162091	2,198.45	 	19,009.16
4 Oct 2022	4 Oct 2022	   TO TRANSFER-UPI/DR/227739346949/NITIN  K/YESB/q206513918/UPI--	TRANSFER TO 4692487162092	100.00	 	18,909.16
4 Oct 2022	4 Oct 2022	   by debit card-OTHPOS227718145535NEW FAMOUS SAREE      Pune--		870.00	 	18,039.16
4 Oct 2022	4 Oct 2022	   ATM WDL-ATM CASH 22771 SATHE WASTI PUNE       PUNE--		1,500.00	 	16,539.16
6 Oct 2022	6 Oct 2022	   TO TRANSFER-UPI/DR/227981333392/HIRAMAN /HDFC/hiramanpat/UPI--	TRANSFER TO 4694129162097	242.00	 	16,297.16
6 Oct 2022	6 Oct 2022	   TO TRANSFER-UPI/DR/227984322041/SONAL WI/FDRL/bharatpe.9/Pay T--	TRANSFER TO 4696080162093	1,950.00	 	14,347.16
6 Oct 2022	6 Oct 2022	   TO TRANSFER-UPI/DR/227992109691/HOTEL NI/MAHB/q562251530/UPI--	TRANSFER TO 4695673162099	80.00	 	14,267.16
7 Oct 2022	7 Oct 2022	   TO TRANSFER-UPI/DR/228008119103/Mr DINKA/MAHB/q48708572@/UPI--	TRANSFER TO 5099633162093	275.00	 	13,992.16
8 Oct 2022	8 Oct 2022	   TO TRANSFER-UPI/DR/228175889169/Wellness/YESB/wellnessfo/Payme--	TRANSFER TO 4696297162098	162.67	 	13,829.49
8 Oct 2022	8 Oct 2022	   TO TRANSFER-UPI/DR/228120040247/AMAZONPA/UTIB/amazonupi@/Reque--	TRANSFER TO 4696275162094	758.00	 	13,071.49
8 Oct 2022	8 Oct 2022	   BY TRANSFER-UPI/CR/264786638089/ALKA SUR/SBIN/7588138739/Payme--	TRANSFER FROM 5099241162097	 	10,000.00	23,071.49
8 Oct 2022	8 Oct 2022	   TO TRANSFER-UPI/DR/228148675128/KITABUL SK/YESB/q253067650/UPI--	TRANSFER TO 5098008162091	179.00	 	22,892.49
8 Oct 2022	8 Oct 2022	   TO TRANSFER-UPI/DR/228153446741/BHATUKAL/UTIB/mayureshde/UPI--	TRANSFER TO 5098047162095	200.00	 	22,692.49
8 Oct 2022	8 Oct 2022	   TO TRANSFER-UPI/DR/228136460086/Amazon I/UTIB/amazonupi@/Amazo--	TRANSFER TO 4696297162098	179.00	 	22,513.49
9 Oct 2022	9 Oct 2022	   TO TRANSFER-UPI/DR/228255298285/Wellness/YESB/wellnessfo/Payme--	TRANSFER TO 4696397162095	35.86	 	22,477.63
9 Oct 2022	9 Oct 2022	   BY TRANSFER-UPI/CR/264807142917/SHUBHAM /SBIN/8087640580/Payme--	TRANSFER FROM 5099319162092	 	500.00	22,977.63
9 Oct 2022	9 Oct 2022	   TO TRANSFER-UPI/DR/228277839401/SAMEER/YESB/bharatpe90/Verifie--	TRANSFER TO 4692675162099	500.00	 	22,477.63
10 Oct 2022	10 Oct 2022	   TO TRANSFER-UPI/DR/228327618283/Mr  NARE/YESB/BHARATPE90/Pay t--	TRANSFER TO 4695777162091	570.00	 	21,907.63
10 Oct 2022	10 Oct 2022	   TO TRANSFER-UPI/DR/228362300625/NO NAME/YESB/Q60956264@/NA--	TRANSFER TO 4898278162098	350.00	 	21,557.63
11 Oct 2022	11 Oct 2022	   TO TRANSFER-UPI/DR/228406858083/NIRAJ BH/UBIN/nirajkadbh/UPI--	TRANSFER TO 4693925162090	500.00	 	21,057.63
11 Oct 2022	11 Oct 2022	   TO TRANSFER-UPI/DR/228408219275/Mr  NARE/YESB/bharatpe90/Pay t--	TRANSFER TO 4695871162093	840.00	 	20,217.63
12 Oct 2022	12 Oct 2022	   BY TRANSFER-UPI/CR/265157075691/SHUBHAM /SBIN/8087640580/Payme--	TRANSFER FROM 5099007162095	 	256.00	20,473.63
12 Oct 2022	12 Oct 2022	   TO TRANSFER-UPI/DR/228552177063/KITABUL SK/YESB/q295661831/UPI--	TRANSFER TO 4696883162092	120.00	 	20,353.63
12 Oct 2022	12 Oct 2022	   TO TRANSFER-UPI/DR/228561965652/KITABUL SK/YESB/Q295661831/NA--	TRANSFER TO 4695987162092	5.00	 	20,348.63
14 Oct 2022	14 Oct 2022	   TO TRANSFER-UPI/DR/228784193950/Digital /PYTM/firstcry1@/First--	TRANSFER TO 4692589162096	758.10	 	19,590.53
14 Oct 2022	14 Oct 2022	   TO TRANSFER-UPI/DR/228798884453/Shrushti/UTIB/gpay-11215/UPI--	TRANSFER TO 4696947162092	100.00	 	19,490.53
14 Oct 2022	14 Oct 2022	   TO TRANSFER-UPI/DR/228799068299/AAKASH D/PYTM/q38413054@/UPI--	TRANSFER TO 5097945162093	5.00	 	19,485.53
14 Oct 2022	14 Oct 2022	   TO TRANSFER-UPI/DR/228768296665/AMAZONPA/UTIB/amazonupi@/Reque--	TRANSFER TO 5097911162093	558.00	 	18,927.53
16 Oct 2022	16 Oct 2022	   TO TRANSFER-UPI/DR/228914460204/RAJARAM /KKBK/Q560275490/NA--	TRANSFER TO 4694456162093	160.00	 	18,767.53
16 Oct 2022	16 Oct 2022	   TO TRANSFER-UPI/DR/228941765213/ABHAY KR/PUNB/abhaymali0/UPI--	TRANSFER TO 4695753162098	100.00	 	18,667.53
17 Oct 2022	17 Oct 2022	   TO TRANSFER-UPI/DR/229067665954/SHRI VIJ/YESB/q569793044/UPI--	TRANSFER TO 5097507162092	180.00	 	18,487.53
18 Oct 2022	18 Oct 2022	   TO TRANSFER-UPI/DR/229113477709/Myntra/HDFC/myntra.pay/UPI Tra--	TRANSFER TO 5097622162091	1,412.00	 	17,075.53
18 Oct 2022	18 Oct 2022	   TO TRANSFER-UPI/DR/229104228039/KITABUL SK/YESB/q295661831/UPI--	TRANSFER TO 5097619162096	175.00	 	16,900.53
18 Oct 2022	18 Oct 2022	   TO TRANSFER-UPI/DR/229108531239/BHATUKAL/UTIB/mayureshde/UPI--	TRANSFER TO 5099418162099	5,000.00	 	11,900.53
19 Oct 2022	19 Oct 2022	   TO TRANSFER-UPI/DR/229290310828/AMAZONPA/UTIB/amazonupi@/Reque--	TRANSFER TO 5097735162092	1,689.00	 	10,211.53
19 Oct 2022	19 Oct 2022	   TO TRANSFER-UPI/DR/229213323241/bigbasket/PYTM/bigbasket1/UPI--	TRANSFER TO 4692534162090	725.00	 	9,486.53
20 Oct 2022	20 Oct 2022	   BY TRANSFER-UPI/CR/265906226369/ALKA SUR/SBIN/7588138739/Payme--	TRANSFER FROM 4695162162090	 	15,000.00	24,486.53
20 Oct 2022	20 Oct 2022	   TO TRANSFER-UPI/DR/229348549760/Myntra/HDFC/myntra.pay/UPI--	TRANSFER TO 4696909162097	499.00	 	23,987.53
20 Oct 2022	20 Oct 2022	   TO TRANSFER-UPI/DR/229357922462/ABFL Pos/PYTM/paytm-7265/Oid19--	TRANSFER TO 4696891162092	6,425.00	 	17,562.53
21 Oct 2022	21 Oct 2022	   TO TRANSFER-UPI/DR/229419178725/AMAZONPA/UTIB/amazonupi@/Reque--	TRANSFER TO 4696191162098	209.00	 	17,353.53
21 Oct 2022	21 Oct 2022	   CREDIT INTEREST---		 	42.00	17,395.53
21 Oct 2022	21 Oct 2022	   DEBIT INTEREST---		42.00	 	17,353.53
21 Oct 2022	21 Oct 2022	   TO TRANSFER-UPI/DR/229476022245/BHATUKAL/UTIB/mayureshde/UPI--	TRANSFER TO 4694198162095	1,700.00	 	15,653.53
21 Oct 2022	21 Oct 2022	   TO TRANSFER-UPI/DR/229476036808/BHATUKAL/UTIB/mayureshde/UPI--	TRANSFER TO 5099698162097	15,000.00	 	653.53
22 Oct 2022	22 Oct 2022	   TO TRANSFER-UPI/DR/229515604058/Mr  NARE/YESB/bharatpe90/Pay t--	TRANSFER TO 4696290162094	180.00	 	473.53
22 Oct 2022	22 Oct 2022	   BY TRANSFER-UPI/CR/229571673490/PAPPU/PYTM/9919097916/Payment--	TRANSFER FROM 4693632162092	 	360.00	833.53
22 Oct 2022	22 Oct 2022	   TO TRANSFER-UPI/DR/229516368463/DEEPAK K/PYTM/q48407120@/UPI--	TRANSFER TO 4694394162092	88.00	 	745.53
22 Oct 2022	22 Oct 2022	   TO TRANSFER-UPI/DR/229516566984/INDRAJEE/BARB/q320478524/UPI--	TRANSFER TO 4694385162093	77.00	 	668.53
22 Oct 2022	22 Oct 2022	   BY TRANSFER-UPI/CR/229562085938/SHIRISH /UBIN/9096665244/Payme--	TRANSFER FROM 5099241162097	 	5,000.00	5,668.53
22 Oct 2022	22 Oct 2022	   BY TRANSFER-UPI/CR/266171652588/YOGESH R/SBIN/9822753000/Payme--	TRANSFER FROM 5099216162098	 	1.00	5,669.53
23 Oct 2022	23 Oct 2022	   TO TRANSFER-UPI/DR/266209482551/SHUBHAM /SBIN/8087640580/Payme--	TRANSFER TO 4694437162096	200.00	 	5,469.53
23 Oct 2022	23 Oct 2022	   TO TRANSFER-UPI/DR/229633155982/JYOTIBAI/YESB/q055210620/UPI--	TRANSFER TO 5098086162099	130.00	 	5,339.53
23 Oct 2022	23 Oct 2022	   BY TRANSFER-UPI/CR/229683799509/ALKA SUR/SBIN/7588138739/Payme--	TRANSFER FROM 5099325162094	 	10,000.00	15,339.53
25 Oct 2022	25 Oct 2022	BY CLEARING / CHEQUE-BSB   411272009-445846 411002127--445846	445846	 	19,000.00	34,339.53
25 Oct 2022	25 Oct 2022	   TO TRANSFER-UPI/DR/229896012731/BHATUKAL/UTIB/mayureshde/UPI--	TRANSFER TO 4693911162096	10,000.00	 	24,339.53
26 Oct 2022	26 Oct 2022	   TO TRANSFER-UPI/DR/229904909515/LIMRAFIB/ICIC/instamojo./UPI--	TRANSFER TO 4695989162090	666.00	 	23,673.53
26 Oct 2022	26 Oct 2022	   TO TRANSFER-UPI/DR/229936630236/HDFCERGO/ICIC/billdeskpg/colle--	TRANSFER TO 4692512162096	17,814.00	 	5,859.53
27 Oct 2022	27 Oct 2022	   TO TRANSFER-UPI/DR/266665080895/PhonePe/UTIB/BBPSBP@axl/Paymen--	TRANSFER TO 4696097162095	620.00	 	5,239.53
27 Oct 2022	27 Oct 2022	   TO TRANSFER-UPI/DR/230042113383/Shrushti/UTIB/gpay-11198/UPI--	TRANSFER TO 4692568162091	100.00	 	5,139.53
28 Oct 2022	28 Oct 2022	   TO TRANSFER-UPI/DR/230143086540/AMAZONPA/UTIB/amazonupi@/Reque--	TRANSFER TO 4696933162098	514.00	 	4,625.53
28 Oct 2022	28 Oct 2022	   TO TRANSFER-UPI/DR/230101034053/AMAZONPA/UTIB/amazonupi@/Reque--	TRANSFER TO 4898285162099	276.00	 	4,349.53
30 Oct 2022	30 Oct 2022	   BY TRANSFER-UPI/CR/266943434588/VIVEK VI/HDFC/vivek.bang/Payme--	TRANSFER FROM 5099302162090	 	5,000.00	9,349.53
30 Oct 2022	30 Oct 2022	   TO TRANSFER-UPI/DR/230303910022/ROHAN SA/KKBK/q80290188@/UPI--	TRANSFER TO 4694435162098	200.00	 	9,149.53
30 Oct 2022	30 Oct 2022	   TO TRANSFER-UPI/DR/230385294724/Apple Ch/PYTM/paytmqr281/NA--	TRANSFER TO 5098065162094	144.00	 	9,005.53
30 Oct 2022	30 Oct 2022	   TO TRANSFER-UPI/DR/230306131702/BHATUKAL/UTIB/mayureshde/UPI--	TRANSFER TO 5098146162093	5,900.00	 	3,105.53
31 Oct 2022	31 Oct 2022	   TO TRANSFER-UPI/DR/230441357209/Shrushti/UTIB/gpay-11215/UPI--	TRANSFER TO 4696783162096	150.00	 	2,955.53
31 Oct 2022	31 Oct 2022	   TO TRANSFER-UPI/DR/230444871964/BIG BASKET/HDFC/bigbasket./UPI--	TRANSFER TO 5097503162096	723.50	 	2,232.03
31 Oct 2022	31 Oct 2022	   TO TRANSFER-UPI/DR/230481788813/AMAZONPA/UTIB/amazonupi@/Reque--	TRANSFER TO 4692451162093	574.25	 	1,657.78
31 Oct 2022	31 Oct 2022	   BY TRANSFER-UPI/CR/230448159009/BHATUKAL/UTIB/mayureshde/UPI--	TRANSFER FROM 4693012162097	 	500.00	2,157.78
31 Oct 2022	31 Oct 2022	   TO TRANSFER-UPI/DR/230423269830/AMAZONPA/UTIB/amazonupi@/Reque--	TRANSFER TO 5097514162094	1,984.10	 	173.68
31 Oct 2022	31 Oct 2022	   BY TRANSFER-UPI/CR/230448392275/BHATUKAL/UTIB/mayureshde/UPI--	TRANSFER FROM 5098816162093	 	1,000.00	1,173.68
31 Oct 2022	31 Oct 2022	   TO TRANSFER-UPI/DR/230471422732/AMAZONPA/UTIB/amazonupi@/Reque--	TRANSFER TO 5097541162091	1,055.50	 	118.18
1 Nov 2022	1 Nov 2022	   BY TRANSFER-UPI/CR/267178578738/ALKA SUR/SBIN/7588138739/Payme--	TRANSFER FROM 4693169162098	 	15,000.00	15,118.18
1 Nov 2022	1 Nov 2022	   BY TRANSFER-UPI/CR/230528877596/PhonePe /YESB/phonepe-pa/F07 C--	TRANSFER FROM 4693144162096	 	19,000.00	34,118.18
1 Nov 2022	1 Nov 2022	   TO TRANSFER-UPI/DR/230567727413/NIRAJ BH/UBIN/nirajkadbh/UPI--	TRANSFER TO 5099468162090	19,000.00	 	15,118.18
1 Nov 2022	1 Nov 2022	   TO TRANSFER-UPI/DR/230574522386/billdesk/ICIC/billdesk.h/UPI--	TRANSFER TO 4696854162096	2,473.00	 	12,645.18
2 Nov 2022	2 Nov 2022	   TO TRANSFER-UPI/DR/230614552017/SURENDRA/YESB/Q891155194/NA--	TRANSFER TO 5097711162090	35.00	 	12,610.18
2 Nov 2022	2 Nov 2022	   TO TRANSFER-UPI/DR/230690331362/VAISHALI/UBIN/kadbhane22/UPI--	TRANSFER TO 4695625162096	2,000.00	 	10,610.18
3 Nov 2022	3 Nov 2022	   TO TRANSFER-UPI/DR/230707941823/ABFL Pos/PYTM/paytm-7265/Oid19--	TRANSFER TO 4898283162091	4,490.62	 	6,119.56
3 Nov 2022	3 Nov 2022	   TO TRANSFER-UPI/DR/230710315813/MAULI DO/BARB/ravindrani/UPI--	TRANSFER TO 5099579162093	1,100.00	 	5,019.56
4 Nov 2022	4 Nov 2022	   TO TRANSFER-UPI/DR/230829462440/KULKARNI/YESB/q68863662@/UPI--	TRANSFER TO 4692606162090	180.00	 	4,839.56
5 Nov 2022	5 Nov 2022	   TO TRANSFER-UPI/DR/230952485376/Rahul Ho/UTIB/9766194333/UPI--	TRANSFER TO 4898755162096	230.00	 	4,609.56
5 Nov 2022	5 Nov 2022	   TO TRANSFER-UPI/DR/230901423323/Digital /PYTM/firstcry1@/First--	TRANSFER TO 4696274162095	829.47	 	3,780.09
5 Nov 2022	5 Nov 2022	   BY TRANSFER-UPI/CR/267522287528/MAHESH M/SBIN/9822352678/Payme--	TRANSFER FROM 4693621162095	 	5,000.00	8,780.09
5 Nov 2022	5 Nov 2022	   TO TRANSFER-UPI/DR/230966983095/KITABUL SK/YESB/Q295661831/NA--	TRANSFER TO 5098018162090	132.00	 	8,648.09
8 Nov 2022	8 Nov 2022	   TO TRANSFER-UPI/DR/231221443315/BHATUKAL/UTIB/mayureshde/UPI--	TRANSFER TO 5099422162093	5,600.00	 	3,048.09
8 Nov 2022	8 Nov 2022	   TO TRANSFER-UPI/DR/231233479010/VARSHA G/YESB/Q772475572/NA--	TRANSFER TO 4696826162090	140.00	 	2,908.09
8 Nov 2022	8 Nov 2022	   TO TRANSFER-UPI/DR/231297827513/SYG/PYTM/paytm-7018/Oid20221--	TRANSFER TO 4696842162090	395.00	 	2,513.09
8 Nov 2022	8 Nov 2022	   TO TRANSFER-UPI/DR/231219070833/Amazon I/UTIB/amazonupi@/Amazo--	TRANSFER TO 5097637162094	179.00	 	2,334.09
9 Nov 2022	9 Nov 2022	   TO TRANSFER-UPI/DR/231358300131/KITABUL SK/YESB/q295661831/UPI--	TRANSFER TO 4695989162090	250.00	 	2,084.09
9 Nov 2022	9 Nov 2022	   TO TRANSFER-UPI/DR/231358316643/KITABUL SK/YESB/q295661831/UPI--	TRANSFER TO 5097687162095	40.00	 	2,044.09
10 Nov 2022	10 Nov 2022	   BY TRANSFER-UPI/CR/231414349491/IDFC FIR/IDFB/digitallen/test--	TRANSFER FROM 4693377162091	 	1.00	2,045.09
11 Nov 2022	11 Nov 2022	   TO TRANSFER-UPI/DR/231515977120/AMAZONPA/UTIB/amazonupi@/Reque--	TRANSFER TO 4696955162092	1,045.00	 	1,000.09
12 Nov 2022	12 Nov 2022	   BY TRANSFER-UPI/CR/268287574882/SANKET S/HDFC/sanketdeok/Payme--	TRANSFER FROM 5098692162090	 	5,000.00	6,000.09
12 Nov 2022	12 Nov 2022	   BY TRANSFER-UPI/CR/231611494590/VIVEK VI/HDFC/vivek.bang/Payme--	TRANSFER FROM 4693578162092	 	5,000.00	11,000.09
12 Nov 2022	12 Nov 2022	   TO TRANSFER-UPI/DR/231627678617/BHATUKAL/UTIB/mayureshde/UPI--	TRANSFER TO 5098050162099	10,000.00	 	1,000.09
12 Nov 2022	12 Nov 2022	   BY TRANSFER-UPI/CR/231670670426/ALKA SUR/SBIN/7588138739/Payme--	TRANSFER FROM 5099183162092	 	6,000.00	7,000.09
13 Nov 2022	13 Nov 2022	   TO TRANSFER-UPI/DR/231647017400/AMAZONPA/UTIB/amazonupi@/Reque--	TRANSFER TO 4696393162099	179.00	 	6,821.09
13 Nov 2022	13 Nov 2022	   TO TRANSFER-UPI/DR/231788322681/Add Mone/PYTM/add-money@/Oid19--	TRANSFER TO 4697023162095	1,000.00	 	5,821.09
13 Nov 2022	13 Nov 2022	   TO TRANSFER-UPI/DR/231758730833/Sunil Ch/BARB/9352426544/UPI--	TRANSFER TO 5099819162093	60.00	 	5,761.09
13 Nov 2022	13 Nov 2022	   BY TRANSFER-UPI/CR/268312441923/SANKET S/SBIN/7588138740/Payme--	TRANSFER FROM 4695272162094	 	2,100.00	7,861.09
13 Nov 2022	13 Nov 2022	   TO TRANSFER-UPI/DR/231768570549/MADHU WI/YESB/q974468340/UPI--	TRANSFER TO 4692674162090	2,100.00	 	5,761.09
15 Nov 2022	15 Nov 2022	   TO TRANSFER-UPI/DR/231914148506/Sai Shra/UTIB/gpay-11213/UPI--	TRANSFER TO 4696820162095	26.00	 	5,735.09
15 Nov 2022	15 Nov 2022	   TO TRANSFER-UPI/DR/231914300568/Aditay K/UTIB/gpay-11204/UPI--	TRANSFER TO 4696837162097	130.00	 	5,605.09
16 Nov 2022	16 Nov 2022	   TO TRANSFER-UPI/DR/232006881931/KHALSA D/FDRL/BHARATPE.9/Pay t--	TRANSFER TO 4898282162092	25.00	 	5,580.09
16 Nov 2022	16 Nov 2022	   TO TRANSFER-UPI/DR/232020852739/ABFL Pos/PYTM/paytm-7265/Oid19--	TRANSFER TO 4692504162095	5,000.00	 	580.09
16 Nov 2022	16 Nov 2022	   BY TRANSFER-UPI/CR/268661348621/YOGESH R/SBIN/9822753000/Payme--	TRANSFER FROM 5098399162094	 	10,000.00	10,580.09
16 Nov 2022	16 Nov 2022	   TO TRANSFER-UPI/DR/232044300766/HOTEL RO/PYTM/paytmqr281/UPI--	TRANSFER TO 4695977162094	345.00	 	10,235.09
16 Nov 2022	16 Nov 2022	   TO TRANSFER-UPI/DR/232061580685/Sarthak /BARB/sarthakmor/UPI--	TRANSFER TO 5099527162094	201.00	 	10,034.09
16 Nov 2022	16 Nov 2022	   TO TRANSFER-UPI/DR/232037259977/Sarthak /BARB/sarthakmor/UPI--	TRANSFER TO 4898845162094	501.00	 	9,533.09
16 Nov 2022	16 Nov 2022	   TO TRANSFER-UPI/DR/232038725455/SHRIKANT/UTIB/gpay-11183/UPI--	TRANSFER TO 4692529162097	240.00	 	9,293.09
16 Nov 2022	16 Nov 2022	   TO TRANSFER-UPI/DR/232042250017/ANKITA R/FDRL/bharatpe.9/Pay t--	TRANSFER TO 5097693162097	118.00	 	9,175.09
17 Nov 2022	17 Nov 2022	   TO TRANSFER-UPI/DR/232131809025/AMAZONPA/UTIB/amazonupi@/Reque--	TRANSFER TO 5097814162093	299.00	 	8,876.09
17 Nov 2022	17 Nov 2022	   TO TRANSFER-UPI/DR/232137775080/Valentin/UTIB/gpay-11208/UPI--	TRANSFER TO 5097922162090	260.00	 	8,616.09
18 Nov 2022	18 Nov 2022	   TO TRANSFER-UPI/DR/232275231304/BHATUKAL/UTIB/mayureshde/UPI--	TRANSFER TO 4694295162094	8,000.00	 	616.09
18 Nov 2022	18 Nov 2022	   TO TRANSFER-UPI/DR/232280966563/Studio S/UTIB/gpay-11193/hair--	TRANSFER TO 5097887162097	220.00	 	396.09
18 Nov 2022	18 Nov 2022	   DEBIT-PMJJBY UPTO 31-05-23 CIF: 85597237607--		342.00	 	54.09
20 Nov 2022	20 Nov 2022	   BY TRANSFER-UPI/CR/269075980973/KADBHANE/SBIN/9767059992/Payme--	TRANSFER FROM 4693704162091	 	1,500.00	1,554.09
20 Nov 2022	20 Nov 2022	   BY TRANSFER-UPI/CR/269034097586/KADBHANE/SBIN/9767059992/Payme--	TRANSFER FROM 5098770162091	 	13,500.00	15,054.09
20 Nov 2022	20 Nov 2022	   ATM WDL-ATM CASH 23241 AVATAR POINT BORGAD II NASHIK--		10,000.00	 	5,054.09
20 Nov 2022	20 Nov 2022	   ATM WDL-ATM CASH 23241 AVATAR POINT BORGAD II NASHIK--		5,000.00	 	54.09
21 Nov 2022	21 Nov 2022	   TO TRANSFER-INSUFFICIENT BAL ATM DECLINE CHARGE--	TRANSFER TO 3199937614747	23.60	 	30.49
24 Nov 2022	24 Nov 2022	   BY TRANSFER-UPI/CR/269478717351/ALKA SUR/SBIN/7588138739/Payme--	TRANSFER FROM 4898975162096	 	15,000.00	15,030.49
25 Nov 2022	25 Nov 2022	   TO TRANSFER-UPI/DR/232974930729/ABFL Pos/PYTM/paytm-7265/Oid19--	TRANSFER TO 4696172162091	7,900.00	 	7,130.49
26 Nov 2022	26 Nov 2022	   TO TRANSFER-UPI/DR/233072606276/LIMRAFIB/ICIC/instamojo./UPI--	TRANSFER TO 4692637162094	1,998.00	 	5,132.49
26 Nov 2022	26 Nov 2022	   TO TRANSFER-UPI/DR/233083165085/Vodafone/PYTM/vilpremng@/UPI--	TRANSFER TO 5098007162092	39.00	 	5,093.49
28 Nov 2022	28 Nov 2022	   TO TRANSFER-UPI/DR/233283865518/MSEDCL E/PYTM/paytm-ptmb/Oid19--	TRANSFER TO 4696810162097	208.00	 	4,885.49
29 Nov 2022	29 Nov 2022	   TO TRANSFER-UPI/DR/233351134658/VODAFONE/HSBC/viprevf@hs/UPI--	TRANSFER TO 5097609162097	39.00	 	4,846.49
29 Nov 2022	29 Nov 2022	   TO TRANSFER-UPI/DR/233384064910/Add Mone/PYTM/add-money@/Oid19--	TRANSFER TO 4695891162099	500.00	 	4,346.49
29 Nov 2022	29 Nov 2022	   TO TRANSFER-UPI/DR/233327414521/ABFL Pos/PYTM/paytm-7265/Oid19--	TRANSFER TO 5097621162092	3,064.00	 	1,282.49
29 Nov 2022	29 Nov 2022	   TO TRANSFER-UPI/DR/233361899777/Manisha/YESB/q630289268/UPI--	TRANSFER TO 5097608162098	320.00	 	962.49
30 Nov 2022	30 Nov 2022	   ATM WDL-ATM CASH 8486  ESSRA P. P. ATM S1BH00NASHIK--		500.00	 	462.49
30 Nov 2022	30 Nov 2022	   TO TRANSFER-UPI/DR/233448996192/Dindori /PYTM/paytmqr281/UPI--	TRANSFER TO 5097736162091	200.00	 	262.49
30 Nov 2022	30 Nov 2022	   TO TRANSFER-UPI/DR/233410198838/ABFL Pos/PYTM/paytm-7265/Oid19--	TRANSFER TO 5097692162098	180.00	 	82.49
30 Nov 2022	30 Nov 2022	   TO TRANSFER-UPI/DR/233410347924/VODAFONE/HSBC/viprevf@hs/UPI--	TRANSFER TO 5097831162092	39.00	 	43.49
7 Dec 2022	7 Dec 2022	   BY TRANSFER-UPI/CR/270733889903/AKASH VI/SBIN/akash12019/Payme--	TRANSFER FROM 4693257162097	 	10,000.00	10,043.49
7 Dec 2022	7 Dec 2022	   TO TRANSFER-UPI/DR/234198383052/AMAZONPA/UTIB/amazonupi@/Reque--	TRANSFER TO 5097697162093	196.00	 	9,847.49
7 Dec 2022	7 Dec 2022	   TO TRANSFER-UPI/DR/234152119777/BHATUKAL/UTIB/mayureshde/UPI--	TRANSFER TO 4694115162093	9,500.00	 	347.49
8 Dec 2022	8 Dec 2022	   TO TRANSFER-UPI/DR/234290686543/DNYANESH/HDFC/8625866789/Payme--	TRANSFER TO 4695650162094	6.00	 	341.49
8 Dec 2022	8 Dec 2022	   TO TRANSFER-UPI/DR/234250622919/Shree Sw/UTIB/gpay-11204/UPI--	TRANSFER TO 4692541162091	5.00	 	336.49
8 Dec 2022	8 Dec 2022	   TO TRANSFER-UPI/DR/234263584813/Amazon I/UTIB/amazonupi@/Amazo--	TRANSFER TO 4692578162099	179.00	 	157.49
10 Dec 2022	10 Dec 2022	   BY TRANSFER-UPI/CR/271054957028/ALKA SUR/SBIN/7588138739/Payme--	TRANSFER FROM 4693615162093	 	15,000.00	15,157.49
10 Dec 2022	10 Dec 2022	   TO TRANSFER-UPI/DR/234496743102/AMAZONPA/UTIB/amazonupi@/Reque--	TRANSFER TO 4692637162094	1,498.00	 	13,659.49
10 Dec 2022	10 Dec 2022	   TO TRANSFER-UPI/DR/234417998181/VAISHALI/UBIN/kadbhane22/UPI--	TRANSFER TO 5098055162095	8,000.00	 	5,659.49
10 Dec 2022	10 Dec 2022	   TO TRANSFER-UPI/DR/234417999456/billdesk/ICIC/billdesk.h/UPI--	TRANSFER TO 4696280162096	2,473.00	 	3,186.49
11 Dec 2022	11 Dec 2022	   BY TRANSFER-UPI/CR/271182920018/ASHRUBA /SBIN/8805468103/Payme--	TRANSFER FROM 5099274162099	 	30.00	3,216.49
12 Dec 2022	12 Dec 2022	   TO TRANSFER-UPI/DR/234678625854/Technobu/ICIC/technobubb/Techn--	TRANSFER TO 4692429162091	500.00	 	2,716.49
13 Dec 2022	13 Dec 2022	   TO TRANSFER-UPI/DR/234718610510/DEEPAK K/PYTM/q48407120@/UPI--	TRANSFER TO 5097670162093	30.00	 	2,686.49
14 Dec 2022	14 Dec 2022	   TO TRANSFER-UPI/DR/234813450093/MENAKA A/YESB/q549312341/UPI--	TRANSFER TO 5097699162091	120.00	 	2,566.49
14 Dec 2022	14 Dec 2022	   TO TRANSFER-UPI/DR/234834181961/DEVENDRA/YESB/Q665448166/NA--	TRANSFER TO 4695975162096	300.00	 	2,266.49
15 Dec 2022	15 Dec 2022	   TO TRANSFER-UPI/DR/234922266727/INDRAJEE/BARB/q320478524/UPI--	TRANSFER TO 4694139162095	98.00	 	2,168.49
15 Dec 2022	15 Dec 2022	   BY TRANSFER-UPI/CR/271571999274/YOGESH R/SBIN/9822753000/Payme--	TRANSFER FROM 4898972162099	 	10,000.00	12,168.49
16 Dec 2022	16 Dec 2022	   TO TRANSFER-UPI/DR/235068948012/DEEPALI /FDRL/BHARATPE.9/Pay t--	TRANSFER TO 4692613162092	80.00	 	12,088.49
17 Dec 2022	17 Dec 2022	   BY TRANSFER-UPI/CR/271723996324/VIVEK VI/SBIN/bangarvive/Payme--	TRANSFER FROM 5098688162096	 	5,000.00	17,088.49
17 Dec 2022	17 Dec 2022	   TO TRANSFER-UPI/DR/235160309188/BHATUKAL/UTIB/mayureshde/UPI--	TRANSFER TO 5098032162092	15,000.00	 	2,088.49
17 Dec 2022	17 Dec 2022	   TO TRANSFER-UPI/DR/235166533563/SAMEER/YESB/bharatpe90/Verifie--	TRANSFER TO 5098000162098	520.00	 	1,568.49
18 Dec 2022	18 Dec 2022	   TO TRANSFER-UPI/DR/235279331073/CAFE COF/YESB/q503833784/UPI--	TRANSFER TO 4696378162098	330.00	 	1,238.49
18 Dec 2022	18 Dec 2022	   TO TRANSFER-UPI/DR/235287431084/DEVENDRA/YESB/q617340588/UPI--	TRANSFER TO 4692697162093	100.00	 	1,138.49
18 Dec 2022	18 Dec 2022	   TO TRANSFER-UPI/DR/235287837554/KITABUL SK/YESB/q295661831/UPI--	TRANSFER TO 4696382162092	132.00	 	1,006.49
19 Dec 2022	19 Dec 2022	   TO TRANSFER-UPI/DR/235304836245/VAISHALI/UBIN/kadbhane22/UPI--	TRANSFER TO 4693755162091	1,000.00	 	6.49
25 Dec 2022	25 Dec 2022	   BY TRANSFER-UPI/CR/272579348473/ALKA SUR/SBIN/7588138739/Payme--	TRANSFER FROM 5098770162091	 	5,000.00	5,006.49
25 Dec 2022	25 Dec 2022	   TO TRANSFER-UPI/DR/235933468715/YOGESH B/YESB/bharatpe90/Pay t--	TRANSFER TO 4692680162091	160.00	 	4,846.49
25 Dec 2022	25 Dec 2022	   TO TRANSFER-UPI/DR/235974486150/NETFLIX /HDFC/netflixupi/Month--	TRANSFER TO 4696378162098	199.00	 	4,647.49
25 Dec 2022	25 Dec 2022	   CREDIT INTEREST---		 	63.00	4,710.49
26 Dec 2022	26 Dec 2022	   TO TRANSFER-UPI/DR/236047866455/Swiggy/UTIB/swiggy.sto/Swiggy--	TRANSFER TO 4695785162091	870.00	 	3,840.49
26 Dec 2022	26 Dec 2022	   TO TRANSFER-UPI/DR/236028931866/ROLEX WI/YESB/bharatpe90/Pay t--	TRANSFER TO 4695785162091	400.00	 	3,440.49
27 Dec 2022	27 Dec 2022	   TO TRANSFER-UPI/DR/236177036099/VAISHALI/UBIN/kadbhane22/UPI--	TRANSFER TO 4695600162093	1,500.00	 	1,940.49
27 Dec 2022	27 Dec 2022	   TO TRANSFER-UPI/DR/236178534844/VAISHALI/UBIN/kadbhane22/UPI--	TRANSFER TO 5099451162098	500.00	 	1,440.49
27 Dec 2022	27 Dec 2022	   TO TRANSFER-UPI/DR/236179346857/DILIP SH/PYTM/paytmqr281/UPI--	TRANSFER TO 5097624162099	100.00	 	1,340.49
27 Dec 2022	27 Dec 2022	   TO TRANSFER-UPI/DR/236113008712/YOGESH B/YESB/bharatpe90/Pay t--	TRANSFER TO 4695878162096	140.00	 	1,200.49
29 Dec 2022	29 Dec 2022	   BY TRANSFER-NEFT*PYTM0123456*PYTM223631921518*ONE97 COMMUNICAT--	TRANSFER FROM 3199956044307	 	1,000.00	2,200.49
29 Dec 2022	29 Dec 2022	   TO TRANSFER-UPI/DR/236357223586/BIGTREE /UTIB/bookmyshow/UPI--	TRANSFER TO 4696920162092	496.28	 	1,704.21
29 Dec 2022	29 Dec 2022	   TO TRANSFER-UPI/DR/236318221190/Saraswat/YESB/q146805255/UPI--	TRANSFER TO 5097788162090	352.00	 	1,352.21
30 Dec 2022	30 Dec 2022	   TO TRANSFER-UPI/DR/236477819832/Apollo C/YESB/q112762561/UPI--	TRANSFER TO 4692599162094	772.00	 	580.21
30 Dec 2022	30 Dec 2022	   TO TRANSFER-UPI/DR/236476844098/CHANDRAK/UTIB/gpay-11165/UPI--	TRANSFER TO 4696170162092	40.00	 	540.21
30 Dec 2022	30 Dec 2022	   TO TRANSFER-UPI/DR/236489570492/Kukud Ku/ICIC/gpay-11219/UPI--	TRANSFER TO 5097893162099	120.00	 	420.21
31 Dec 2022	31 Dec 2022	   BY TRANSFER-UPI/CR/236522569355/PhonePe /YESB/phonepe-pa/F07 C--	TRANSFER FROM 4693609162090	 	25,000.00	25,420.21
31 Dec 2022	31 Dec 2022	   TO TRANSFER-UPI/DR/236547019203/NIRAJ BH/UBIN/nirajkadbh/UPI--	TRANSFER TO 4898901162092	25,000.00	 	420.21
31 Dec 2022	31 Dec 2022	   TO TRANSFER-UPI/DR/236535024176/ROLEX WI/YESB/bharatpe90/Pay t--	TRANSFER TO 4696967162099	400.00	 	20.21

**This is a computer generated statement and does not require a signature

